@article{Anderson2009,
	doi = {10.1103/PhysRevA.80.023603},
	author = {Anderson, Russell P. and others},
	journal = {Phys. Rev. A},
	issn = {1050-2947},
	number = {2},
	month = {aug},
	volume = {80},
	url = {http://link.aps.org/doi/10.1103/PhysRevA.80.023603},
	eprint = {0904.2062},
	pages = {8},
	year = {2009},
	title = {{Spatially inhomogeneous phase evolution of a two-component Bose-Einstein condensate}},
	archivePrefix = {arXiv},
}

@article{Bao2004,
	doi = {10.1137/S1064827503422956},
	author = {Bao, Weizhu and Du, Qiang},
	url = {http://link.aip.org/link/SJOCE3/v25/i5/p1674/s1\&Agg=doi},
	journal = {SIAM J. Sci. Comput.},
	issn = {10648275},
	number = {5},
	volume = {25},
	year = {2004},
	title = {{Computing the Ground State Solution of Bose-Einstein Condensates by a Normalized Gradient Flow}},
	pages = {1674},
}

@article{Burt1997,
	doi = {10.1103/PhysRevLett.79.337},
	author = {Burt, E. A and others},
	url = {http://link.aps.org/doi/10.1103/PhysRevLett.79.337},
	journal = {Phys. Rev. Lett.},
	issn = {0031-9007},
	number = {3},
	month = {jul},
	volume = {79},
	year = {1997},
	title = {{Coherence, Correlations, and Collisions: What One Learns about Bose-Einstein Condensates from Their Decay}},
	pages = {337--340},
}

@article{Dalton2011,
	author = {Dalton, B. J.},
	url = {http://arxiv.org/abs/1108.1251},
	title = {{Phase space theory of Bose-Einstein condensates and time-dependent modes}},
	month = {aug},
	eprint = {1108.1251},
	SLACcitation = {%%CITATION=11081251;%%},
	archivePrefix = {arXiv},
}

@article{Dion2003,
	doi = {10.1103/PhysRevE.67.046706},
	author = {Dion, Claude and Canc\`{e}s, Eric},
	url = {http://link.aps.org/doi/10.1103/PhysRevE.67.046706},
	journal = {Physical Review E},
	issn = {1063-651X},
	number = {4},
	month = {apr},
	volume = {67},
	year = {2003},
	title = {{Spectral method for the time-dependent Gross-Pitaevskii equation with a harmonic trap}},
	pages = {046706},
}

@book{Gardiner2004,
	publisher = {Springer},
	isbn = {978-3-540-22301-6},
	author = {Gardiner, Crispin W. and Zoller, Peter},
	url = {http://www.springer.com/physics/quantum+physics/book/978-3-642-06094-6},
	title = {{Quantum Noise}},
	edition = {4th},
	year = {2004},
	pages = {449},
}

@article{Graham1970,
	doi = {10.1007/BF01396782},
	author = {Graham, R. and Haken, H.},
	url = {http://www.springerlink.com/index/10.1007/BF01396782},
	journal = {Zeitschrift f\"{u}r Physik},
	issn = {1434-6001},
	number = {3},
	month = {jun},
	volume = {234},
	year = {1970},
	title = {{Functional Fokker-Planck treatment of electromagnetic field propagation in a thermal medium}},
	pages = {193--206},
}

@article{Graham1970a,
	doi = {10.1007/BF01395167},
	author = {Graham, R. and Haken, H.},
	url = {http://www.springerlink.com/index/10.1007/BF01395167},
	journal = {Zeitschrift f\"{u}r Physik},
	issn = {1434-6001},
	number = {2},
	month = {apr},
	volume = {235},
	year = {1970},
	title = {{Functional quantum statistics of light propagation in a two-level system}},
	pages = {166--180},
}

@article{Jack2002,
	doi = {10.1103/PhysRevLett.89.140402},
	author = {Jack, Michael W.},
	url = {http://link.aps.org/doi/10.1103/PhysRevLett.89.140402},
	journal = {Phys. Rev. Lett.},
	issn = {0031-9007},
	number = {14},
	month = {sep},
	volume = {89},
	year = {2002},
	title = {{Decoherence due to Three-Body Loss and its Effect on the State of a Bose-Einstein Condensate}},
	pages = {140402},
}

@article{Li2009,
	doi = {10.1140/epjb/e2008-00472-6},
	author = {Li, Yun and others},
	url = {http://www.springerlink.com/index/10.1140/epjb/e2008-00472-6},
	journal = {Eur. Phys. J. B},
	issn = {1434-6028},
	number = {3},
	month = {jan},
	volume = {68},
	year = {2009},
	title = {{Spin squeezing in a bimodal condensate: spatial dynamics and particle losses}},
	pages = {365--381},
}

@book{Louisell1990,
	publisher = {Wiley, John \& Sons, Incorporated},
	isbn = {0471523658},
	author = {Louisell, William Henry},
	title = {{Quantum Statistical Properties of Radiation}},
	year = {1990},
	pages = {544},
}

@article{Mertes2007,
	doi = {10.1103/PhysRevLett.99.190402},
	author = {Mertes, K. M. and others},
	url = {http://link.aps.org/doi/10.1103/PhysRevLett.99.190402},
	journal = {Phys. Rev. Lett.},
	issn = {0031-9007},
	number = {19},
	month = {nov},
	volume = {99},
	year = {2007},
	title = {{Nonequilibrium Dynamics and Superfluid Ring Excitations in Binary Bose-Einstein Condensates}},
	pages = {190402},
}

@article{Morgan2000,
	doi = {10.1088/0953-4075/33/19/303},
	author = {Morgan, S. A.},
	url = {http://stacks.iop.org/0953-4075/33/i=19/a=303?key=crossref.f023600611b98b871d5a104aad1eac19},
	journal = {J. Phys. B},
	issn = {0953-4075},
	number = {19},
	month = {oct},
	volume = {33},
	year = {2000},
	title = {{A gapless theory of Bose-Einstein condensation in dilute gases at finite temperature}},
	pages = {3847--3893},
}

@article{Norrie2006,
	doi = {10.1103/PhysRevA.73.043617},
	author = {Norrie, A. A. and Ballagh, R. J. and Gardiner, Crispin W.},
	url = {http://link.aps.org/doi/10.1103/PhysRevA.73.043617},
	journal = {Phys. Rev. A},
	issn = {1050-2947},
	number = {4},
	month = {apr},
	volume = {73},
	year = {2006},
	title = {{Quantum turbulence and correlations in Bose-Einstein condensate collisions}},
	pages = {043617},
}

@article{Norrie2006a,
	doi = {10.1103/PhysRevA.73.043618},
	author = {Norrie, A. A. and others},
	url = {http://link.aps.org/doi/10.1103/PhysRevA.73.043618},
	journal = {Phys. Rev. A},
	issn = {1050-2947},
	number = {4},
	month = {apr},
	volume = {73},
	year = {2006},
	title = {{Three-body recombination of ultracold Bose gases using the truncated Wigner method}},
	pages = {043618},
}

@book{Pitaevskii2003,
	publisher = {Oxford University Press},
	isbn = {0-198-50719-4},
	title = {{Bose-Einstein Condensation}},
	author = {Pitaevskii, Lev and Stringari, Sandro},
	year = {2003},
}

@book{Risken1996,
	isbn = {978-3540615309},
	title = {{The Fokker-Planck Equation}},
	author = {Risken, Hannes},
	edition = {2nd},
	year = {1996},
}

@article{Sinatra2002,
	doi = {10.1088/0953-4075/35/17/301},
	author = {Sinatra, Alice and Lobo, Carlos and Castin, Yvan},
	url = {http://stacks.iop.org/0953-4075/35/i=17/a=301?key=crossref.c7aed7eb9dc5ce0bb952f7815936c80e},
	issn = {0953-4075},
	number = {17},
	month = {sep},
	volume = {35},
	pages = {3599--3631},
	year = {2002},
	title = {{The truncated Wigner method for Bose-condensed gases: limits of validity and applications}},
	journal = {J. Phys. B},
}

@article{Sinkin2003,
	doi = {10.1109/JLT.2003.808628},
	author = {Sinkin, O. V. and others},
	url = {http://ieeexplore.ieee.org/lpdocs/epic03/wrapper.htm?arnumber=1190149},
	journal = {Journal of Lightwave Technology},
	issn = {0733-8724},
	number = {1},
	month = {jan},
	volume = {21},
	year = {2003},
	title = {{Optimization of the split-step fourier method in modeling optical-fiber communications systems}},
	pages = {61--68},
}

@misc{Steck2009,
	title = {{Rubidium 87 D Line Data}},
	url = {http://steck.us/alkalidata},
	author = {Steck, Daniel Adam},
	year = {2009},
}

@article{Steel1998,
	doi = {10.1103/PhysRevA.58.4824},
	author = {Steel, M. and others},
	url = {http://link.aps.org/doi/10.1103/PhysRevA.58.4824},
	journal = {Phys. Rev. A},
	issn = {1050-2947},
	number = {6},
	month = {dec},
	volume = {58},
	year = {1998},
	title = {{Dynamical quantum noise in trapped Bose-Einstein condensates}},
	pages = {4824--4835},
}

@book{Weyl1950,
	publisher = {Dover Publications},
	isbn = {0486602699},
	author = {Weyl, Hermann},
	title = {{The Theory of Groups and Quantum Mechanics}},
	year = {1950},
	pages = {444},
}

