@article{Anderson2009,
	doi = {10.1103/PhysRevA.80.023603},
	author = {Anderson, Russell P. and Ticknor, C. and Sidorov, Andrei I. and Hall, Brenton V.},
	journal = {Phys. Rev. A},
	number = {2},
	volume = {80},
	url = {http://dx.doi.org/doi:10.1103/PhysRevA.80.023603},
	eprint = {0904.2062},
	pages = {8},
	year = {2009},
	archivePrefix = {arXiv},
}

@article{Bao2004,
	doi = {10.1137/S1064827503422956},
	author = {Bao, Weizhu and Du, Qiang},
	url = {http://dx.doi.org/doi:10.1137/S1064827503422956},
	journal = {SIAM J. Sci. Comput.},
	number = {5},
	volume = {25},
	year = {2004},
	pages = {1674},
}

@article{Burt1997,
	doi = {10.1103/PhysRevLett.79.337},
	author = {Burt, E. A and Ghrist, R. W. and Myatt, C. J. and Holland, M. J. and Cornell, E. A. and Wieman, C. E.},
	url = {http://dx.doi.org/doi:10.1103/PhysRevLett.79.337},
	journal = {Phys. Rev. Lett.},
	number = {3},
	volume = {79},
	year = {1997},
	pages = {337--340},
}

@article{Cahill1969,
	doi = {10.1103/PhysRev.177.1857},
	author = {Cahill, K. and Glauber, R.},
	url = {http://dx.doi.org/doi:10.1103/PhysRev.177.1857},
	journal = {Phys. Rev.},
	number = {5},
	volume = {177},
	year = {1969},
	pages = {1857--1881},
}

@article{Corney2006,
	doi = {10.1103/PhysRevLett.97.023606},
	author = {Corney, Joel F. and Drummond, Peter D. and Heersink, Joel and Josse, Vincent and Leuchs, Gerd and Andersen, Ulrik L.},
	url = {http://dx.doi.org/doi:10.1103/PhysRevLett.97.023606},
	journal = {Phys. Rev. Lett.},
	number = {2},
	volume = {97},
	year = {2006},
	pages = {023606},
}

@article{Corney2008,
	doi = {10.1103/PhysRevA.78.023831},
	author = {Corney, Joel F. and Heersink, Joel and Dong, Ruifang and Josse, Vincent and Drummond, Peter D. and Leuchs, Gerd and Andersen, Ulrik L.},
	url = {http://dx.doi.org/doi:10.1103/PhysRevA.78.023831},
	journal = {Phys. Rev. A},
	number = {2},
	volume = {78},
	year = {2008},
	pages = {023831},
}

@article{Dalton2011,
	author = {Dalton, B. J.},
	url = {http://arxiv.org/abs/1108.1251},
	title = {{Phase space theory of Bose-Einstein condensates and time-dependent modes}},
	eprint = {1108.1251},
	year = {2011},
	archivePrefix = {arXiv},
	arxivId = {1108.1251},
}

@article{Deuar2007,
	doi = {10.1103/PhysRevLett.98.120402},
	author = {Deuar, P. and Drummond, Peter D.},
	url = {http://dx.doi.org/doi:10.1103/PhysRevLett.98.120402},
	journal = {Phys. Rev. Lett.},
	number = {12},
	volume = {98},
	year = {2007},
	pages = {120402},
}

@article{Dion2003,
	doi = {10.1103/PhysRevE.67.046706},
	author = {Dion, Claude and Canc\`{e}s, Eric},
	url = {http://dx.doi.org/doi:10.1103/PhysRevE.67.046706},
	journal = {Physical Review E},
	number = {4},
	volume = {67},
	year = {2003},
	pages = {046706},
}

@article{Dirac1945,
	doi = {10.1103/RevModPhys.17.195},
	author = {Dirac, P. A. M.},
	url = {http://dx.doi.org/doi:10.1103/RevModPhys.17.195},
	journal = {Rev. Mod. Phys.},
	number = {2-3},
	volume = {17},
	year = {1945},
	pages = {195--199},
}

@article{Drummond1993,
	doi = {10.1209/0295-5075/21/3/005},
	author = {Drummond, Peter D. and Hardman, A. D.},
	url = {http://dx.doi.org/doi:10.1209/0295-5075/21/3/005},
	journal = {Europhys. Lett.},
	number = {3},
	volume = {21},
	year = {1993},
	pages = {279--284},
}

@article{Drummond1993a,
	doi = {10.1038/365307a0},
	author = {Drummond, Peter D. and Shelby, R. M. and Friberg, S. R. and Yamamoto, Y.},
	url = {http://dx.doi.org/doi:10.1038/365307a0},
	journal = {Nature},
	number = {6444},
	volume = {365},
	year = {1993},
	pages = {307--313},
}

@article{Egorov2011,
	doi = {10.1103/PhysRevA.84.021605},
	author = {Egorov, Mikhail and Anderson, Russell P. and Ivannikov, Valentin and Opanchuk, Bogdan and Drummond, Peter D. and Hall, Brenton V. and Sidorov, Andrei I.},
	url = {http://dx.doi.org/doi:10.1103/PhysRevA.84.021605},
	journal = {Phys. Rev. A},
	number = {2},
	volume = {84},
	year = {2011},
	pages = {021605(R)},
}

@article{Egorov2012a,
	author = {Egorov, Mikhail and Opanchuk, Bogdan and Drummond, Peter D. and Hall, Brenton V. and Hannaford, Peter and Sidorov, Andrei I.},
	url = {http://arxiv.org/abs/1204.1591},
	title = {{Precision measurements of s-wave scattering lengths in a two-component Bose-Einstein condensate}},
	eprint = {1204.1591},
	pages = {11},
	year = {2012},
	archivePrefix = {arXiv},
	arxivId = {1204.1591},
}

@book{Gardiner1997,
	publisher = {Springer-Verlag},
	author = {Gardiner, Crispin W.},
	year = {1997},
	title = {{Handbook of Stochastic Methods}},
	edition = {2nd},
	address = {Berlin},
	pages = {442},
}

@book{Gardiner2004,
	publisher = {Springer},
	author = {Gardiner, Crispin W. and Zoller, Peter},
	url = {http://www.springer.com/physics/quantum+physics/book/978-3-642-06094-6},
	title = {{Quantum Noise}},
	edition = {4th},
	year = {2004},
	pages = {449},
}

@article{Graham1970a,
	doi = {10.1007/BF01395167},
	author = {Graham, R. and Haken, H.},
	url = {http://dx.doi.org/doi:10.1007/BF01395167},
	journal = {Z. Phys.},
	number = {2},
	volume = {235},
	year = {1970},
	pages = {166--180},
}

@article{Graham1970,
	doi = {10.1007/BF01396782},
	author = {Graham, R. and Haken, H.},
	url = {http://dx.doi.org/doi:10.1007/BF01396782},
	journal = {Z. Phys.},
	number = {3},
	volume = {234},
	year = {1970},
	pages = {193--206},
}

@article{Hjorungnes2007,
	doi = {10.1109/TSP.2007.893762},
	author = {Hj{\o}rungnes, Are and Gesbert, David},
	url = {http://dx.doi.org/doi:10.1109/TSP.2007.893762},
	journal = {IEEE T. Signal Proces.},
	number = {6},
	volume = {55},
	year = {2007},
	pages = {2740--2746},
}

@article{Isella2006,
	doi = {10.1103/PhysRevA.74.063625},
	author = {Isella, L. and Ruostekoski, J.},
	url = {http://dx.doi.org/doi:10.1103/PhysRevA.74.063625},
	journal = {Phys. Rev. A},
	number = {6},
	volume = {74},
	year = {2006},
	pages = {063625},
}

@article{Jack2002,
	doi = {10.1103/PhysRevLett.89.140402},
	author = {Jack, Michael W.},
	url = {http://dx.doi.org/doi:10.1103/PhysRevLett.89.140402},
	journal = {Phys. Rev. Lett.},
	number = {14},
	volume = {89},
	year = {2002},
	pages = {140402},
}

@article{Kagan1985,
	author = {Kagan, Yury and Svistunov, B. V. and Shlyapnikov, G. V.},
	journal = {JETP Lett.},
	number = {4},
	volume = {42},
	year = {1985},
	pages = {209},
}

@article{Klauder1985,
	author = {Klauder, John R. and Petersen, Wesley P.},
	url = {http://www.jstor.org/stable/2157543},
	journal = {SIAM J. Numer. Anal.},
	number = {6},
	volume = {22},
	year = {1985},
	pages = {1153--1166},
}

@article{Kreutz-Delgado2009,
	author = {Kreutz-Delgado, Ken},
	url = {http://arxiv.org/abs/0906.4835},
	title = {{The Complex Gradient Operator and the CR-Calculus}},
	eprint = {0906.4835},
	year = {2009},
	archivePrefix = {arXiv},
	arxivId = {0906.4835},
}

@article{Li2008,
	doi = {10.1103/PhysRevLett.100.210401},
	author = {Li, Yun and Castin, Yvan and Sinatra, Alice},
	url = {http://dx.doi.org/doi:10.1103/PhysRevLett.100.210401},
	journal = {Phys. Rev. Lett.},
	number = {21},
	volume = {100},
	year = {2008},
	pages = {210401},
}

@article{Li2009,
	doi = {10.1140/epjb/e2008-00472-6},
	author = {Li, Yun and Treutlein, Philipp and Reichel, J. and Sinatra, Alice},
	url = {http://dx.doi.org/doi:10.1140/epjb/e2008-00472-6},
	journal = {Eur. Phys. J. B},
	number = {3},
	volume = {68},
	year = {2009},
	pages = {365--381},
}

@book{Louisell1990,
	publisher = {Wiley, John \& Sons, Incorporated},
	author = {Louisell, William Henry},
	title = {{Quantum Statistical Properties of Radiation}},
	year = {1990},
	pages = {544},
}

@article{Mertes2007,
	doi = {10.1103/PhysRevLett.99.190402},
	author = {Mertes, K. M. and Merrill, J. W. and Carretero-Gonz\'{a}lez, R. and Frantzeskakis, D. J. and Kevrekidis, P. G. and Hall, D. S.},
	url = {http://dx.doi.org/doi:10.1103/PhysRevLett.99.190402},
	journal = {Phys. Rev. Lett.},
	number = {19},
	volume = {99},
	year = {2007},
	pages = {190402},
}

@article{Morgan2000,
	doi = {10.1088/0953-4075/33/19/303},
	author = {Morgan, S. A.},
	url = {http://dx.doi.org/doi:10.1088/0953-4075/33/19/303},
	journal = {J. Phys. B},
	number = {19},
	volume = {33},
	year = {2000},
	pages = {3847--3893},
}

@article{Moyal1947,
	doi = {10.1017/S0305004100000487},
	author = {Moyal, J. E. and Bartlett, M. S.},
	url = {http://dx.doi.org/doi:10.1017/S0305004100000487},
	journal = {Math. Proc. Cambridge},
	number = {01},
	volume = {45},
	year = {1947},
	pages = {99},
}

@article{Norrie2005,
	doi = {10.1103/PhysRevLett.94.040401},
	author = {Norrie, A. A. and Ballagh, R. J. and Gardiner, Crispin W.},
	url = {http://dx.doi.org/doi:10.1103/PhysRevLett.94.040401},
	journal = {Phys. Rev. Lett.},
	number = {4},
	volume = {94},
	year = {2005},
	pages = {040401},
}

@article{Norrie2006,
	doi = {10.1103/PhysRevA.73.043617},
	author = {Norrie, A. A. and Ballagh, R. J. and Gardiner, Crispin W.},
	url = {http://dx.doi.org/doi:10.1103/PhysRevA.73.043617},
	journal = {Phys. Rev. A},
	number = {4},
	volume = {73},
	year = {2006},
	pages = {043617},
}

@article{Norrie2006a,
	doi = {10.1103/PhysRevA.73.043618},
	author = {Norrie, A. A. and Ballagh, R. J. and Gardiner, Crispin W. and Bradley, Ashton S.},
	url = {http://dx.doi.org/doi:10.1103/PhysRevA.73.043618},
	journal = {Phys. Rev. A},
	number = {4},
	volume = {73},
	year = {2006},
	pages = {043618},
}

@article{Opanchuk2012,
	doi = {10.1209/0295-5075/97/50003},
	author = {Opanchuk, Bogdan and Egorov, Mikhail and Hoffmann, Scott E. and Sidorov, Andrei I. and Drummond, Peter D.},
	url = {http://dx.doi.org/doi:10.1209/0295-5075/97/50003},
	journal = {Europhys. Lett.},
	number = {5},
	volume = {97},
	year = {2012},
	pages = {50003},
}

@article{Opanchuk2012a,
	author = {Opanchuk, Bogdan and He, Qiong-Yi and Reid, Margaret D. and Drummond, Peter D.},
	url = {http://link.aps.org/doi/10.1103/PhysRevA.86.023625},
	number = {2},
	volume = {86},
	pages = {15},
	year = {2012},
	journal = {Phys. Rev. A},
}

@book{Pitaevskii2003,
	publisher = {Oxford University Press},
	title = {{Bose-Einstein Condensation}},
	author = {Pitaevskii, Lev and Stringari, Sandro},
	year = {2003},
}

@book{Risken1996,
	publisher = {Springer-Verlag, Berlin},
	author = {Risken, Hannes},
	title = {{The Fokker-Planck Equation}},
	edition = {2nd},
	year = {1996},
}

@article{Sakmann2009,
	doi = {10.1103/PhysRevLett.103.220601},
	author = {Sakmann, Kaspar and Streltsov, Alexej I. and Alon, Ofir E. and Cederbaum, Lorenz S.},
	url = {http://dx.doi.org/doi:10.1103/PhysRevLett.103.220601},
	journal = {Phys. Rev. Lett.},
	number = {22},
	volume = {103},
	year = {2009},
	pages = {220601},
}

@article{Sinatra2002,
	doi = {10.1088/0953-4075/35/17/301},
	author = {Sinatra, Alice and Lobo, Carlos and Castin, Yvan},
	url = {http://dx.doi.org/doi:10.1088/0953-4075/35/17/301},
	number = {17},
	volume = {35},
	pages = {3599--3631},
	year = {2002},
	journal = {J. Phys. B},
}

@article{Sinatra2011,
	doi = {10.1103/PhysRevLett.107.060404},
	author = {Sinatra, Alice and Witkowska, Emilia and Dornstetter, Jean-Christophe and Li, Yun and Castin, Yvan},
	url = {http://dx.doi.org/doi:10.1103/PhysRevLett.107.060404},
	journal = {Phys. Rev. Lett.},
	number = {6},
	volume = {107},
	year = {2011},
	pages = {060404},
}

@article{Sinkin2003,
	doi = {10.1109/JLT.2003.808628},
	author = {Sinkin, O. V. and Holzl\"{o}hner, R. and Zweck, J. and Menyuk, C. R.},
	url = {http://dx.doi.org/doi:10.1109/JLT.2003.808628},
	journal = {J. Lightwave Technol.},
	number = {1},
	volume = {21},
	year = {2003},
	pages = {61--68},
}

@misc{Steck2009,
	title = {{Rubidium 87 D Line Data}},
	url = {http://steck.us/alkalidata},
	author = {Steck, Daniel Adam},
	year = {2009},
}

@article{Steel1998,
	doi = {10.1103/PhysRevA.58.4824},
	author = {Steel, M. and Olsen, M. K. and Plimak, L. I. and Drummond, Peter D. and Tan, S. and Collett, M. J. and Walls, D. F. and Graham, R.},
	url = {http://dx.doi.org/doi:10.1103/PhysRevA.58.4824},
	journal = {Phys. Rev. A},
	number = {6},
	volume = {58},
	year = {1998},
	pages = {4824--4835},
}

@article{Werner1997,
	doi = {10.1006/jcph.1996.5638},
	author = {Werner, M. J. and Drummond, Peter D.},
	url = {http://dx.doi.org/doi:10.1006/jcph.1996.5638},
	journal = {J. Comput. Phys.},
	number = {2},
	volume = {132},
	year = {1997},
	pages = {312--326},
}

@book{Weyl1950,
	publisher = {Dover Publications},
	author = {Weyl, Hermann},
	title = {{The Theory of Groups and Quantum Mechanics}},
	year = {1950},
	pages = {444},
}

@article{Wigner1932,
	doi = {10.1103/PhysRev.40.749},
	author = {Wigner, E. P.},
	url = {http://dx.doi.org/doi:10.1103/PhysRev.40.749},
	journal = {Phys. Rev.},
	number = {5},
	volume = {40},
	year = {1932},
	pages = {749--759},
}

@article{Wirtinger1927,
	doi = {10.1007/BF01447872},
	author = {Wirtinger, W.},
	url = {http://dx.doi.org/doi:10.1007/BF01447872},
	journal = {Math. Ann.},
	number = {1},
	volume = {97},
	year = {1927},
	pages = {357--375},
}

